[1] https://ieeexplore-ieee-org.mutex.gmu.edu/document/6428977/citations#citations

@inproceedings{sat_design,
author = {Dos Santos, Walter and Leonor, Bruno and Stephany, Stephan},
year = {2009},
month = {11},
pages = {487-500},
title = {A Knowledge-Based and Model-Driven Requirements Engineering Approach to Conceptual Satellite Design},
doi = {10.1007/978-3-642-04840-1_36}
}

@inproceedings{adr_multisatellite,
  author={Maheshwarappa, Mamatha R. and Bowyer, Mark and Bridges, Christopher P.},
  booktitle={2015 IEEE Aerospace Conference}, 
  title={Software Defined Radio (SDR) architecture to support multi-satellite communications}, 
  year={2015},
  volume={},
  number={},
  pages={1-10},
  doi={10.1109/AERO.2015.7119186}
 }
  

@article{sdr_architecture,
title = {Software-defined Radios: Architecture, state-of-the-art, and challenges},
journal = {Computer Communications},
volume = {128},
pages = {106-125},
year = {2018},
issn = {0140-3664},
doi = {https://doi.org/10.1016/j.comcom.2018.07.012},
url = {https://www.sciencedirect.com/science/article/pii/S0140366418302937},
author = {Rami Akeela and Behnam Dezfouli},
keywords = {SDR, Wireless communication, Programmability, Co-design, LTE, WiFi, IoT}
}

@INPROCEEDINGS{sdr_satellite,
  author={Maheshwarappa, Mamatha R. and Bridges, Christopher P.},
  booktitle={2014 NASA/ESA Conference on Adaptive Hardware and Systems (AHS)}, 
  title={Software defined radios for small satellites}, 
  year={2014},
  volume={},
  number={},
  pages={172-179},
  doi={10.1109/AHS.2014.6880174}}
  
@article{sdr_archi,
author = {Mitola, J},
issn = {0163-6804},
journal = {IEEE communications magazine},
keywords = {Bit error rate ; Computer architecture ; Digital communications ; Digital electronics ; Directive antennas ; Equipment and supplies ; Innovations ; Mobile antennas ; Modulation coding ; Radio control ; Radio spectrum management ; Receiving antennas ; Software radio ; Transmitting antennas},
language = {eng},
number = {5},
pages = {26-38},
publisher = {IEEE},
title = {The software radio architecture},
volume = {33},
year = {1995},
}

@article{podcast,
	title = {Software-{Defined} {Satellites}: {How} {Do} {They} {Affect} {Management}? {\textbar} {Kratos}},
	shorttitle = {Software-{Defined} {Satellites}},
	url = {https://www.kratosdefense.com/constellations-podcast/articles/software-defined-satellites-how-do-they-affect-management},
	abstract = {In this follow-on interview, Constellations spoke to Jeff Freedman, CEO of Kythera Space Solutions to dive into the complex topic of software-defined satellites, and how these will interact with ground systems.},
	urldate = {2022-04-19},
	author = {Solutions, Kratos Defense \& Security},
	file = {Snapshot:C\:\\Users\\Ali\\Zotero\\storage\\84XD8SSU\\software-defined-satellites-how-do-they-affect-management.html:text/html},
}

@article{sdn_architecture,
  author={Kreutz, Diego and Ramos, Fernando M. V. and Ver√≠ssimo, Paulo Esteves and Rothenberg, Christian Esteve and Azodolmolky, Siamak and Uhlig, Steve},
  journal={Proceedings of the IEEE}, 
  title={Software-Defined Networking: A Comprehensive Survey}, 
  year={2015},
  volume={103},
  number={1},
  pages={14-76},
  doi={10.1109/JPROC.2014.2371999}}
  
@article{sdsn,
  author={Xu, Shuang and Wang, Xing-Wei and Huang, Min},
  journal={IEEE Access}, 
  title={Software-Defined Next-Generation Satellite Networks: Architecture, Challenges, and Solutions}, 
  year={2018},
  volume={6},
  number={},
  pages={4027-4041},
  doi={10.1109/ACCESS.2018.2793237}}